<record><leader>00000cas a2200000Ia 4500</leader><controlfield tag="001">37041035</controlfield><controlfield tag="008">970610c19869999vauwr ne      0    0eng d</controlfield><datafield ind1=" " ind2=" " tag="010"><subfield code="a">sn 97066006 </subfield></datafield><datafield ind1=" " ind2=" " tag="040"><subfield code="a">VIC</subfield><subfield code="b">eng</subfield><subfield code="c">VIC</subfield><subfield code="d">NVK</subfield><subfield code="d">OCLCQ</subfield><subfield code="d">NVK</subfield><subfield code="d">OCLCF</subfield><subfield code="d">OCLCO</subfield></datafield><datafield ind1=" " ind2=" " tag="043"><subfield code="a">n-us-va</subfield></datafield><datafield ind1="0" ind2="0" tag="245"><subfield code="a">Powhatan today.</subfield></datafield><datafield ind1=" " ind2=" " tag="260"><subfield code="a">Powhatan, Va. :</subfield><subfield code="b">David S. Cole</subfield></datafield><datafield ind1=" " ind2=" " tag="260"><subfield code="3">[2013]</subfield><subfield code="a">Mechanicsville, Va. :</subfield><subfield code="b">Richmond Suburban News</subfield></datafield><datafield ind1=" " ind2=" " tag="300"><subfield code="a">v. :</subfield><subfield code="b">ill. ;</subfield><subfield code="c">58 cm.</subfield></datafield><datafield ind1=" " ind2=" " tag="310"><subfield code="a">Weekly</subfield></datafield><datafield ind1="1" ind2=" " tag="362"><subfield code="a">Began in 1986.</subfield></datafield><datafield ind1=" " ind2=" " tag="500"><subfield code="a">"Your Community Newspaper."</subfield></datafield><datafield ind1=" " ind2=" " tag="580"><subfield code="a">Richmond Suburban News also publishes: The Mechanicsville Local, Chesterfield TD, Henrico TD, Goochland Gazette, Midlothian Exchange, Cumberland Today and The King William Local.</subfield></datafield><datafield ind1=" " ind2=" " tag="588"><subfield code="a">Description based on: Vol. 1, no. 3 (Jul. 3, 1986).</subfield></datafield><datafield ind1=" " ind2="0" tag="651"><subfield code="a">Powhatan (Va.)</subfield><subfield code="v">Newspapers.</subfield></datafield><datafield ind1=" " ind2="7" tag="655"><subfield code="a">Newspapers.</subfield><subfield code="2">fast</subfield><subfield code="0">(OCoLC)fst01423814</subfield></datafield><datafield ind1=" " ind2="7" tag="651"><subfield code="a">Virginia</subfield><subfield code="z">Powhatan.</subfield><subfield code="2">fast</subfield><subfield code="0">(OCoLC)fst01207227</subfield></datafield><datafield ind1=" " ind2=" " tag="752"><subfield code="a">United States</subfield><subfield code="b">Virginia</subfield><subfield code="c">Hanover</subfield><subfield code="d">Mechanicsville.</subfield></datafield><datafield ind1=" " ind2=" " tag="752"><subfield code="a">United States</subfield><subfield code="b">Virginia</subfield><subfield code="c">Powhatan</subfield><subfield code="d">Powhatan.</subfield></datafield><datafield ind1="1" ind2=" " tag="775"><subfield code="t">Mechanicsville local</subfield><subfield code="w">(DLC)sn 99066865</subfield></datafield><datafield ind1="1" ind2=" " tag="775"><subfield code="t">Chesterfield td</subfield><subfield code="w">(DLC)  2010271431</subfield></datafield><datafield ind1="1" ind2=" " tag="775"><subfield code="t">Goochland gazette (Goochland, Va. : 2005)</subfield><subfield code="w">(DLC)sn2005061548</subfield></datafield><datafield ind1="1" ind2=" " tag="775"><subfield code="t">Midlothian exchange</subfield><subfield code="w">(DLC)sn2007060586</subfield></datafield><datafield ind1="1" ind2=" " tag="775"><subfield code="t">Cumberland today</subfield></datafield><datafield ind1="1" ind2=" " tag="775"><subfield code="t">King William local</subfield></datafield><datafield ind1="1" ind2=" " tag="775"><subfield code="t">Henrico td</subfield><subfield code="w">(DLC)  2010271422</subfield></datafield></record>